
@article{DuBoff1967,
 ISSN = {00130117, 14680289},
 URL = {http://www.jstor.org/stable/2593069},
 author = {Richard B. Du Boff},
 journal = {The Economic History Review},
 number = {3},
 pages = {509--518},
 publisher = {[Economic History Society, Wiley]},
 title = {The Introduction of Electric Power in American Manufacturing},
 volume = {20},
 year = {1967}
}

@book{mccloskey2015essays,
  title={Essays on a Mature Economy: Britain After 1840},
  author={McCloskey, D.N.},
  isbn={9781400870165},
  series={Quantitative Studies in History},
  url={https://books.google.nl/books?id=kod9BgAAQBAJ},
  year={2015},
  publisher={Princeton University Press}
}

@misc{bbc2017,
    title={Why didn't electricity immediately change manufacturing?},
    author={Tim Harford},
    day={20},
    month={August},
    year={2017},
    url={https://www.bbc.com/news/business-40673694},
}